@book{gardiner,
  title={Stochastic Methods: A Handbook for the Natural and Social Sciences},
publisher={ Springer Series in Synergetics},
year=2009,
  author={Gardiner, Crispin}
}

@book{vankampen,
  title={Stochastic Processes in Physics and Chemistry},
  author={Van Kampen, NG},
  year={2011},
  publisher={Elsevier}
}
@article{torney2014,
title={Information processing and the evolution of unresponsiveness in collective systems}, 
author={Torney, Colin J. and Lorenzi, Tommaso and Couzin, Iain D. and Levin, Simon A.},
journal={in review},
year={2014}
}

@article{gilbert1959random,
  title={Random graphs},
  author={Gilbert, Edgar N},
  journal={The Annals of Mathematical Statistics},
  pages={1141--1144},
  year={1959},
  publisher={JSTOR}
}

@book{newmannetworks,
  title={Networks: an introduction},
  author={Newman, Mark},
  year={2010},
  publisher={Oxford University Press}
}


@article{erdos1960evolution,
  title={On the evolution of random graphs},
  author={Erdos, Paul and R{\'e}nyi, A},
  journal={Publ. Math. Inst. Hungar. Acad. Sci},
  volume={5},
  pages={17--61},
  year={1960},
  publisher={Citeseer}
}


@article{watts,
  title={Collective dynamics of ‘small-world’networks},
  author={Watts, Duncan J and Strogatz, Steven H},
  journal={Nature},
  volume={393},
  number={6684},
  pages={440--442},
  year={1998},
  publisher={Nature Publishing Group}
}
@article{nitzan1982optimal,
  title={Optimal decision rules in uncertain dichotomous choice situations},
  author={Nitzan, Shmuel and Paroush, Jacob},
  journal={International Economic Review},
  volume={23},
  number={2},
  pages={289--297},
  year={1982},
  publisher={JSTOR}
}

@article{perez2011collective,
  title={Collective animal behavior from Bayesian estimation and probability matching},
  author={P{\'e}rez-Escudero, Alfonso and de Polavieja, Gonzalo G},
  journal={PLoS computational biology},
  volume={7},
  number={11},
  pages={e1002282},
  year={2011},
  publisher={Public Library of Science}
}

@article{Perreault,
title = "A Bayesian approach to the evolution of social learning ",
journal = "Evolution and Human Behavior ",
volume = "33",
number = "5",
pages = "449 - 459",
year = "2012",
author = "Charles Perreault and Cristina Moya and Robert Boyd"
}

@article{tunstrom
  title={Collective states, multistability and transitional behavior in schooling fish},
  author={Tunstr{\o}m, Kolbj{\o}rn and Katz, Yael and Ioannou, Christos C and Huepe, Cristi{\'a}n and Lutz, Matthew J and Couzin, Iain D},
  journal={PLoS computational biology},
  volume={9},
  number={2},
  pages={e1002915},
  year={2013},
  publisher={Public Library of Science}
}
@article{statphyssoc,
  title = {Statistical physics of social dynamics},
  author = {Castellano, Claudio and Fortunato, Santo and Loreto, Vittorio},
  journal = {Reviews of Modern Physics},
  volume = {81},
  issue = {2},
  pages = {591--646},
  year = {2009},
  month = {May},
  doi = {10.1103/RevModPhys.81.591},
  url = {http://link.aps.org/doi/10.1103/RevModPhys.81.591},
  publisher = {American Physical Society}
}

@article{torney2015,
  title={Social information use and the evolution of unresponsiveness in collective systems},
  author={Torney, Colin J and Lorenzi, Tommaso and Couzin, Iain D and Levin, Simon A},
  journal={Journal of The Royal Society Interface},
  volume={12},
  number={103},
  pages={20140893},
  year={2015},
  publisher={The Royal Society}
}

@article{banerjee,
  title={A simple model of herd behavior},
  author={Banerjee, A. V.},
  journal={The Quarterly Journal of Economics},
  volume={107},
  number={3},
  pages={797--817},
  year={1992},
  publisher={Oxford University Press}
}

@article{doering,
  title={Extinction times for birth-death processes: exact results, continuum asymptotics, and the failure of the Fokker-Planck approximation},
  author={Doering, C. R. and Sargsyan, K. V. and Sander, L. M.},
  journal={Multiscale Modeling \& Simulation},
volume={3},
  pages={283–299},
  year={2006}
}

@book{feller,
  title={An introduction to probability theory and its applications},
  author={Feller, W.},
  volume={2},
  year={2008},
  publisher={John Wiley \& Sons}
}

@article{young1993,
  title={The evolution of conventions},
  author={Young, H. P.},
  journal={Econometrica: Journal of the Econometric Society},
  pages={57--84},
  year={1993},
  publisher={JSTOR}
}

@book{young2001,
  title={Individual strategy and social structure: An evolutionary theory of institutions},
  author={Young, H.P.},
  year={2001},
  publisher={Princeton University Press}
}


@article{berdahl,
  title={Emergent sensing of complex environments by animal groups},
  author={Berdahl, A. and Torney, C. J. and Ioannou, C. C. and Faria, J. and Couzin, I. D. },
  journal={Science},
  year={2013}
}

@book{wisdom,
  title={The wisdom of crowds},
  author={Surowiecki, J.},
  year={2005},
  publisher={Anchor}
}

@book{galam,
  title={Sociophysics: A Physicist's Modeling of Psycho-political Phenomena},
  author={Galam, S.},
  year={2012},
  publisher={Springer Verlag}
}

@book{liggett,
  title={Stochastic interacting systems: contact, voter, and exclusion processes},
  author={Liggett, T. M.},
  volume={324},
  year={1999},
  publisher={Springer Verlag}
}

@article{torney2013,
  title={Decision accuracy and the role of spatial interaction in opinion dynamics},
  author={Torney, Colin J and Levin, Simon A and Couzin, Iain D},
  journal={Journal of Statistical Physics},
  pages={1--15},
  year={2013},
  publisher={Springer}
}


@article{newman,
  title={Random graphs with clustering},
  author={Newman, Mark EJ},
  journal={Physical review letters},
  volume={103},
  number={5},
  pages={058701},
  year={2009},
  publisher={APS}
}



@article{Mobilia,
  title = {Does a Single Zealot Affect an Infinite Group of Voters?},
  author = {Mobilia, Mauro},
  journal = {Physics Review Letters},
  volume = {91},
  issue = {2},
  pages = {028701},
  numpages = {4},
  year = {2003},
  month = {Jul},
  doi = {10.1103/PhysRevLett.91.028701},
  url = {http://link.aps.org/doi/10.1103/PhysRevLett.91.028701},
  publisher = {American Physical Society}
}

@article{music,
  title={Experimental study of inequality and unpredictability in an artificial cultural market},
  author={Salganik, M.J. and Dodds, P.S. and Watts, D.J.},
  journal={Science},
  volume={311},
  number={5762},
  pages={854--856},
  year={2006},
  publisher={American Association for the Advancement of Science}
}

@article{jol,
  title={Collective behavior in road crossing pedestrians: the role of social information},
  author={Faria, J. J. and Krause, S. and Krause, J.},
  journal={Behavioral Ecology},
  volume={21},
  number={6},
  pages={1236--1242},
  year={2010},
  publisher={ISBE}
}

@article{uzzi,
  title={Synchronicity, instant messaging, and performance among financial traders},
  author={Saavedra, S. and Hagerty, K. and Uzzi, B.},
  journal={Proceedings of the National Academy of Sciences},
  volume={108},
  number={13},
  pages={5296},
  year={2011},
  publisher={National Acad Sciences}
}

@article{arthur,
  title={Competing technologies, increasing returns, and lock-in by historical events},
  author={Arthur, W. B.},
  journal={The Economic Journal},
  volume={99},
  number={394},
  pages={116--131},
  year={1989},
  publisher={JSTOR}
}

@article{fads,
  title={A theory of fads, fashion, custom, and cultural change as informational cascades},
  author={Bikhchandani, S. and Hirshleifer, D. and Welch, I.},
  journal={Journal of Political Economy},
  pages={992--1026},
  year={1992},
  publisher={JSTOR}
}

@article{germans,
author = {Lohmann,S},
title = {The Dynamics of Informational Cascades: The Monday Demonstrations in Leipzig, East Germany, 1989–91},
journal = {World Politics},
volume = {47},
number = {01},
pages = {42-101},
year = {1994},
doi = {10.2307/2950679},
URL = {http://dx.doi.org/10.1017/S0043887100019894},
eprint = {http://journals.cambridge.org/article_S0043887100019894},
}

@article{threshold,
  title={Threshold models of collective behavior},
  author={Granovetter, M.},
  journal={American Journal of Sociology},
  pages={1420--1443},
  year={1978},
  publisher={JSTOR}
}

@article{couzin2011,
  title={Uninformed individuals promote democratic consensus in animal groups},
  author={Couzin, I. D. and Ioannou, C.C. and Demirel, G. and Gross, T. and Torney, C.J. and Hartnett, A. and Conradt, L. and Levin, S.A. and Leonard, N.E.},
  journal={Science},
  volume={334},
  number={6062},
  pages={1578--1580},
  year={2011},
  publisher={American Association for the Advancement of Science}
}


@book{hoel,
  title={Introduction to stochastic processes},
  author={Hoel, P.G. and Port, S.C. and Stone, C.J.},
  year={1972},
  publisher={Houghton Mifflin Boston}
}

@article{dall,
  title={Information and its use by animals in evolutionary ecology},
  author={Dall, S.R.X. and Giraldeau, L.A. and Olsson, O. and McNamara, J.M. and Stephens, D.W.},
  journal={Trends in Ecology \& Evolution},
  volume={20},
  number={4},
  pages={187--193},
  year={2005},
  publisher={Elsevier}
}


@article{xie,
  title={Social consensus through the influence of committed minorities},
  author={Xie, J. and Sreenivasan, S. and Korniss, G. and Zhang, W. and Lim, C. and Szymanski, BK},
  journal={Physical Review E},
  volume={84},
  number={1},
  pages={011130},
  year={2011},
  publisher={APS}
}


